
@inproceedings{phillips2011branching,
  title={Branching and merging: an investigation into current version control practices},
  author={Phillips, Shaun and Sillito, Jonathan and Walker, Rob},
  booktitle={Proceedings of the 4th International Workshop on Cooperative and Human Aspects of Software Engineering},
  pages={9--15},
  year={2011},
  organization={ACM}
}




@inproceedings{GitWaterFlow,
  title={GitWaterFlow: a successful branching model and tooling, for achieving continuous delivery with multiple version branches},
  author={Rayana, Rayene Ben and Killian, Sylvain and Trangez, Nicolas and Calmettes, Arnaud},
  booktitle={Proceedings of the 4th International Workshop on Release Engineering},
  pages={17--20},
  year={2016},
  organization={ACM}
}

@inproceedings{krusche2016teaching,
  title={Teaching code review management using branch based workflows},
  author={Krusche, Stephan and Berisha, Mjellma and Bruegge, Bernd},
  booktitle={Proceedings of the 38th International Conference on Software Engineering Companion},
  pages={384--393},
  year={2016},
  organization={ACM}
}

@inproceedings{mikami2017micro,
  title={Micro-Versioning Tool to Support Experimentation in Exploratory Programming},
  author={Mikami, Hiroaki and Sakamoto, Daisuke and Igarashi, Takeo},
  booktitle={Proceedings of the 2017 CHI Conference on Human Factors in Computing Systems},
  pages={6208--6219},
  year={2017},
  organization={ACM}
}

@book{chacon2014pro,
  title={Pro git},
  author={Chacon, Scott and Straub, Ben},
  year={2014},
  publisher={Apress}
}

@article{AgileManifesto,
  title={Agile manifesto},
  author={Alliance, Agile},
  journal={Online at http://www. agilemanifesto. org},
  volume={6},
  number={1},
  year={2001}
}

@inproceedings{AdoptingScrum,
  title={Adopting Scrum as an Agile approach in distributed software development: A review of literature},
  author={Faniran, Victor Temitayo and Badru, Abdulbaqi and Ajayi, Nurudeen},
  booktitle={Next Generation Computing Applications (NextComp), 2017 1st International Conference on},
  pages={36--40},
  year={2017},
  organization={IEEE}
}

@book{AgileGameDevelopmentCKeith,
  title={Agile Game Development with Scrum},
  author={Keith, Clinton},
  year={2010},
  publisher={Pearson Education}
}

@inproceedings{polanvcec2017developing,
  title={Developing MOBA games using the Unity game engine},
  author={Polan{\v{c}}e{\'c}, D and Mekterovi{\'c}, Igor},
  booktitle={Information and Communication Technology, Electronics and Microelectronics (MIPRO), 2017 40th International Convention on},
  pages={1510--1515},
  year={2017},
  organization={IEEE}
}